@misc{peckinpah_pat_1973,
    title = {Pat {Garrett} and {Billy} the {Kid}},
    publisher = {Metro-Goldwyn-Mayer},
    author = {Peckinpah, Sam},
    year = {1973},
}
@misc{porter_great_1903,
    title = {The {Great} {Train} {Robbery}},
    publisher = {Edison Manufacturing Company},
    author = {Porter, Edwin S.},
    year = {1903},
}
@misc{allen_bananas_1971,
    title = {Bananas},
    publisher = {United Artists},
    author = {Allen, Woody},
    year = {1971},
}
@misc{jones_monty_1979,
    title = {Monty {Python}'s {Life} of {Brian}},
    publisher = {CInema International Corporation},
    author = {Jones, Terry},
    year = {1979},
}